<record><leader>00000cas a22000007a 4500</leader><controlfield tag="001">14987172</controlfield><controlfield tag="008">861217d19741982iauwr ne      0    0eng d</controlfield><datafield ind1=" " ind2=" " tag="010"><subfield code="a">sn 86060326 </subfield></datafield><datafield ind1=" " ind2=" " tag="040"><subfield code="a">INP</subfield><subfield code="b">eng</subfield><subfield code="c">INP</subfield><subfield code="d">OCLCQ</subfield></datafield><datafield ind1=" " ind2=" " tag="042"><subfield code="a">msc</subfield></datafield><datafield ind1="0" ind2=" " tag="130"><subfield code="a">Osceola County tribune (Sibley, Iowa : 1974)</subfield></datafield><datafield ind1="1" ind2="4" tag="245"><subfield code="a">The Osceola County tribune.</subfield></datafield><datafield ind1="1" ind2="3" tag="246"><subfield code="a">Sibley Osceola County tribune</subfield><subfield code="f">Nov. 7, 1974-Sept. 15, 1977</subfield></datafield><datafield ind1="1" ind2="3" tag="246"><subfield code="a">Osceola County gazette &amp; tribune</subfield><subfield code="f">Sept. 22, 1977-Sept. 14, 1982</subfield></datafield><datafield ind1=" " ind2=" " tag="260"><subfield code="a">Sibley, Iowa :</subfield><subfield code="b">Sibley Pub. Co.,</subfield><subfield code="c">1974-1982.</subfield></datafield><datafield ind1=" " ind2=" " tag="300"><subfield code="a">9 v. :</subfield><subfield code="b">ill.</subfield></datafield><datafield ind1=" " ind2=" " tag="310"><subfield code="a">Weekly</subfield></datafield><datafield ind1="0" ind2=" " tag="362"><subfield code="a">Vol. 103, no. 38 (Nov. 7, 1974)-v. 111, no. 24 (Sept. 16, 1982).</subfield></datafield><datafield ind1=" " ind2=" " tag="500"><subfield code="a">Official paper of Osceola County.</subfield></datafield><datafield ind1=" " ind2=" " tag="525"><subfield code="a">Includes occasional supplements.</subfield></datafield><datafield ind1=" " ind2=" " tag="752"><subfield code="a">United States</subfield><subfield code="b">Iowa</subfield><subfield code="c">Osceola</subfield><subfield code="d">Sibley.</subfield></datafield><datafield ind1="0" ind2=" " tag="777"><subfield code="t">Sibley gazette (Sibley, Iowa : 1966)</subfield><subfield code="w">(DLC)sn 86060181</subfield></datafield><datafield ind1="0" ind2="0" tag="780"><subfield code="t">Sibley Osceola County tribune</subfield><subfield code="w">(DLC)sn 86060182</subfield></datafield><datafield ind1="0" ind2="7" tag="785"><subfield code="t">Sibley gazette (Sibley, Iowa : 1966)</subfield><subfield code="w">(DLC)sn 86060181</subfield></datafield><datafield ind1="0" ind2="7" tag="785"><subfield code="t">Osceola County gazette-tribune</subfield><subfield code="w">(DLC)sn 86060324</subfield></datafield></record>